@article{ternes_data_2021,
	title = {Data Assimilation and Agent-Based Modelling: Towards the Incorporation of Categorical Agent Parameters},
	shorttitle = {Data Assimilation and Agent-Based Modelling},
	author = {Ternes, Patrica and Ward, Jonathan A and Heppenstall, Alison and Kumar, Vijay and Kieu, Le-Minh and Malleson, Nick},
	year = {2021},
	journal = {Open Research Europe},
	volume = {1},
	pages = {131},
	issn = {2732-5121},
	doi = {10.12688/openreseurope.14144.1},
}

@article{wang_data_2015,
	title = {Data Assimilation in Agent Based Simulation of Smart Environments Using Particle Filters},
	author = {Wang, Minghao and Hu, Xiaolin},
	year = {2015},
	journal = {Simulation Modelling Practice and Theory},
	volume = {56},
	pages = {36--54},
	issn = {1569-190X},
	doi = {10.1016/j.simpat.2015.05.001},
	keywords = {ABM,Agent-based simulation,data assimilation,Data assimilation,Occupancy estimation,Particle filter,Smart environment},
}

@article{kieu_dealing_2020,
	title = {Dealing with Uncertainty in Agent-Based Models for Short-Term Predictions},
	author = {Kieu, Le-Minh and Malleson, Nicolas and Heppenstall, Alison},
	year = {2020},
	journal = {Royal Society Open Science},
	volume = {7},
	number = {1},
	pages = {191074},
	issn = {2054-5703, 2054-5703},
	doi = {10.1098/rsos.191074},
	langid = {english},
	keywords = {ABM,data assimilation,MyPublications,uncertainty},
	file = {/Users/nick/Zotero/storage/F2T3IEUV/Kieu et al. - 2020 - Dealing with uncertainty in agent-based models for.pdf}
}

@inproceedings{zhou_understanding_2012,
	title = {Understanding Collective Crowd Behaviors: {{Learning}} a {{Mixture}} Model of {{Dynamic}} Pedestrian-{{Agents}}},
	shorttitle = {Understanding Collective Crowd Behaviors},
	booktitle = {2012 {{IEEE Conference}} on {{Computer Vision}} and {{Pattern Recognition}}},
	author = {Zhou, Bolei and Wang, Xiaogang and Tang, Xiaoou},
	year = {2012},
	pages = {2871--2878},
	publisher = {{IEEE}},
	address = {{Providence, RI}},
	doi = {10.1109/CVPR.2012.6248013},
	isbn = {978-1-4673-1228-8 978-1-4673-1226-4 978-1-4673-1227-1},
	keywords = {ABM,pedestrian},
}


@article{evensen2003ensemble,
    title={The ensemble Kalman filter: Theoretical formulation and practical
        implementation},
    author={Evensen, Geir},
    journal={Ocean dynamics},
    volume={53},
    number={4},
    pages={343--367},
    year={2003},
    publisher={Springer}
}

@article{ward2016dynamic,
    title={Dynamic calibration of agent-based models using data assimilation},
    author={Ward, Jonathan A and Evans, Andrew J and Malleson, Nicolas S},
    journal={Royal Society open science},
    volume={3},
    number={4},
    pages={150703},
    year={2016},
    publisher={The Royal Society}
}

@article{malleson2020simulating,
    title={Simulating Crowds in Real Time with Agent-Based Modelling and a
        Particle Filter},
    author={Malleson, Nick and Minors, Kevin and Kieu, Le-Minh and Ward,
        Jonathan A and West, Andrew and Heppenstall, Alison},
    journal={Journal of Artificial Societies and Social Simulation},
    volume={23},
    number={3},
    year={2020},
    publisher={JASSS}
}

@inproceedings{clay2020towards,
    title={Towards real-time crowd simulation under uncertainty using an
        agent-based model and an unscented kalman filter},
    author={Clay, Robert and Kieu, Le-Minh and Ward, Jonathan A and Heppenstall,
        Alison and Malleson, Nick},
    booktitle={International Conference on Practical Applications of Agents and
        Multi-Agent Systems},
    pages={68--79},
    year={2020},
    organization={Springer}
}

@article{kalman1960new,
    title={A new approach to linear filtering and prediction problems},
    author={Kalman, Rudolph Emil},
    year={1960}
}

