@article{evensen2003ensemble,
    title={The ensemble Kalman filter: Theoretical formulation and practical
        implementation},
    author={Evensen, Geir},
    journal={Ocean dynamics},
    volume={53},
    number={4},
    pages={343--367},
    year={2003},
    publisher={Springer}
}

@article{ward2016dynamic,
    title={Dynamic calibration of agent-based models using data assimilation},
    author={Ward, Jonathan A and Evans, Andrew J and Malleson, Nicolas S},
    journal={Royal Society open science},
    volume={3},
    number={4},
    pages={150703},
    year={2016},
    publisher={The Royal Society}
}

@article{malleson2020simulating,
    title={Simulating Crowds in Real Time with Agent-Based Modelling and a
        Particle Filter},
    author={Malleson, Nick and Minors, Kevin and Kieu, Le-Minh and Ward,
        Jonathan A and West, Andrew and Heppenstall, Alison},
    journal={Journal of Artificial Societies and Social Simulation},
    volume={23},
    number={3},
    year={2020},
    publisher={JASSS}
}

@inproceedings{clay2020towards,
    title={Towards real-time crowd simulation under uncertainty using an
        agent-based model and an unscented kalman filter},
    author={Clay, Robert and Kieu, Le-Minh and Ward, Jonathan A and Heppenstall,
        Alison and Malleson, Nick},
    booktitle={International Conference on Practical Applications of Agents and
        Multi-Agent Systems},
    pages={68--79},
    year={2020},
    organization={Springer}
}

@article{kalman1960new,
    title={A new approach to linear filtering and prediction problems},
    author={Kalman, Rudolph Emil},
    year={1960}
}

