@article{finnis2006field,
  title={Field observations of factors influencing walking speeds},
  author={Finnis, KK and Walton, D},
  journal={Ergonomics},
  year={2006}
}

@article{young1999evaluation,
  title={Evaluation of pedestrian walking speeds in airport terminals},
  author={Young, Seth B},
  journal={Transportation Research Record},
  volume={1674},
  number={1},
  pages={20--26},
  year={1999},
  publisher={SAGE Publications Sage CA: Los Angeles, CA}
}

@article{bertsimas1993simulated,
  title={Simulated annealing},
  author={Bertsimas, Dimitris and Tsitsiklis, John and others},
  journal={Statistical science},
  volume={8},
  number={1},
  pages={10--15},
  year={1993},
  publisher={Institute of Mathematical Statistics}
}

@incollection{van1987simulated,
  title={Simulated annealing},
  author={Van Laarhoven, Peter JM and Aarts, Emile HL},
  booktitle={Simulated annealing: Theory and applications},
  pages={7--15},
  year={1987},
  publisher={Springer}
}

@article{rutenbar1989simulated,
  title={Simulated annealing algorithms: An overview},
  author={Rutenbar, Rob A},
  journal={IEEE Circuits and Devices magazine},
  volume={5},
  number={1},
  pages={19--26},
  year={1989},
  publisher={IEEE}
}

@article{kirkpatrick1983optimization,
  title={Optimization by simulated annealing},
  author={Kirkpatrick, Scott and Gelatt, C Daniel and Vecchi, Mario P},
  journal={science},
  volume={220},
  number={4598},
  pages={671--680},
  year={1983},
  publisher={American association for the advancement of science}
}

@article{brooks1995optimization,
  title={Optimization using simulated annealing},
  author={Brooks, Stephen P and Morgan, Byron JT},
  journal={Journal of the Royal Statistical Society: Series D (The Statistician)},
  volume={44},
  number={2},
  pages={241--257},
  year={1995},
  publisher={Wiley Online Library}
}

@incollection{henderson2003theory,
  title={The theory and practice of simulated annealing},
  author={Henderson, Darrall and Jacobson, Sheldon H and Johnson, Alan W},
  booktitle={Handbook of metaheuristics},
  pages={287--319},
  year={2003},
  publisher={Springer}
}

@article{ten2016sensitivity,
  title={Which sensitivity analysis method should I use for my agent-based model?},
  author={Ten Broeke, Guus and Van Voorn, George and Ligtenberg, Arend},
  journal={Journal of Artificial Societies and Social Simulation},
  volume={19},
  number={1},
  year={2016}
}

@article{thiele2014facilitating,
  title={Facilitating parameter estimation and sensitivity analysis of agent-based models: A cookbook using NetLogo and R},
  author={Thiele, Jan C and Kurth, Winfried and Grimm, Volker},
  journal={Journal of Artificial Societies and Social Simulation},
  volume={17},
  number={3},
  pages={11},
  year={2014}
}